@inproceedings{itembase,
  title={Item-based collaborative filtering recommendation algorithms},
  author={Sarwar, Badrul and Karypis, George and Konstan, Joseph and Riedl, John},
  booktitle={Proceedings of the 10th international conference on World Wide Web},
  pages={285--295},
  year={2001},
  organization={ACM}
}

@article{amazon,
  title={Amazon. com recommendations: Item-to-item collaborative filtering},
  author={Linden, Greg and Smith, Brent and York, Jeremy},
  journal={Internet Computing, IEEE},
  volume={7},
  number={1},
  pages={76--80},
  year={2003},
  publisher={IEEE}
}

@incollection{contentbase,
  title={Content-based recommendation systems},
  author={Pazzani, Michael J and Billsus, Daniel},
  booktitle={The adaptive web},
  pages={325--341},
  year={2007},
  publisher={Springer}
}

@inproceedings{itemrank,
  title={ItemRank: A Random-Walk Based Scoring Algorithm for Recommender Engines.},
  author={Gori, Marco and Pucci, Augusto and Roma, V and others},
  booktitle={IJCAI},
  volume={7},
  pages={2766--2771},
  year={2007}
}

@article{socialmodel,
  title={A model of a trust-based recommendation system on a social network},
  author={Walter, Frank Edward and Battiston, Stefano and Schweitzer, Frank},
  journal={Autonomous Agents and Multi-Agent Systems},
  volume={16},
  number={1},
  pages={57--74},
  year={2008},
  publisher={Springer}
}

@article{lastfm,
  title={http://www.last.fm/},
}

@article{rs,
  title={Recommender systems},
  author={Resnick, Paul and Varian, Hal R},
  journal={Communications of the ACM},
  volume={40},
  number={3},
  pages={56--58},
  year={1997},
  publisher={ACM}
}

@article{influence,
  title={The influence of online product recommendations on consumers’ online choices},
  author={Senecal, Sylvain and Nantel, Jacques},
  journal={Journal of retailing},
  volume={80},
  number={2},
  pages={159--169},
  year={2004},
  publisher={Elsevier}
}

@inproceedings{content2,
  title={Content-based book recommending using learning for text categorization},
  author={Mooney, Raymond J and Roy, Loriene},
  booktitle={Proceedings of the fifth ACM conference on Digital libraries},
  pages={195--204},
  year={2000},
  organization={ACM}
}

@article{svd,
  title={Singular value decomposition and least squares solutions},
  author={Golub, Gene H and Reinsch, Christian},
  journal={Numerische Mathematik},
  volume={14},
  number={5},
  pages={403--420},
  year={1970},
  publisher={Springer}
}

@inproceedings{hadoop,
  title={User-based collaborative-filtering recommendation algorithms on hadoop},
  author={Zhao, Zhi-Dan and Shang, Ming-Sheng},
  booktitle={Knowledge Discovery and Data Mining, 2010. WKDD'10. Third International Conference on},
  pages={478--481},
  year={2010},
  organization={IEEE}
}

@inproceedings{cold,
  title={Methods and metrics for cold-start recommendations},
  author={Schein, Andrew I, Popescul, Alexandrin and Ungar, Lyle H and Pennock, David M},
  booktitle={Proceedings of the 25th annual international ACM SIGIR conference on Research and development in information retrieval},
  pages={253--260},
  year={2002},
  organization={ACM}
}

@inproceedings{naivebayesian,
  title={A new collaborative filtering recommendation approach based on naive Bayesian method},
  author={Wang, Kebin, and Ying Tan},
  booktitle={Advances in Swarm Intelligence},
  pages={218--227},
  year={2011},
  publisher={Springer Berlin Heidelberg}
}

@inproceedings{bayesianinference,
  title={Bayesian-inference-based recommendation in online social networks},
  author={Yang X, Guo Y and Liu Y. },
  booktitle={Parallel and Distributed Systems, IEEE Transactions on},
  pages={642--651},
  year={2013},
  organization={IEEE}
}

 @article{ tfidf,
   author = {Wikipedia},
   title = {Tf–idf --- {W}ikipedia{,} The Free Encyclopedia},
   year = {2015},
   url = {http://en.wikipedia.org/wiki/Tf%E2%80%93idf},
   note ={[Online; accessed 18-May-2015]}
 }